@article{CMS:Collaboration_2008,
	doi = {10.1088/1748-0221/3/08/s08004},
	year = {2008},
	note = {S08004},
	author = {CMS Collaboration},
	title = {The {CMS} experiment at the {CERN} {LHC}},
volume = {3},
	journal = {JINST}
}

@Electronic{ROOFIT,
	title = {The RooFit Toolkit for Data Modeling},
	url = {http://roofit.sourceforge.net/intro.html}
}

@article{ROOT,
	title = {ROOT - An Object Oriented Data Analysis Framework},
  author = {R. Brun and F. Rademakers},
journal = {Nucl. Inst. and Methods in Phys. Res. A},
  volume = {389},
  note = {81},
  year = {1997},
  doi = {10.1016/S0168-9002(97)00048-X},
}





